75600000         227174407000191                    03351000000000102270DATAFORTE SISTEMAS LTDA       SICOOB                                  21405202413501200008108500000                                                                     
75600011T01  043 2027174407000191          335100000603351000000000102270DATAFORTE SISTEMAS LTDA                                                                                       000000001405202400000000                                 
7560001300001T 0603351000000000102270000019887004014     198746521-04    10052024000000000019490033009720                         092028080979000174SONHO DE CRIANCA - LOJA URIAS           00000000000000000000001490000000004                 
7560001300002U 060000000000008540000000000000000000000000000000000000000000000000000000203440000000000203440000000000000000000000000000001305202414052024    00000000000000000000000                      1319360375600000000000000000000       
7560001300003T 0603351000000000102270000020654904014     189645612-04    10052024000000000017990104030370                         092053541857000185ESTEVES COMERCIAL DE LUBRIFICANTES II LT00000000000000000000001490000000004                 
7560001300004U 060000000000007880000000000000000000000000000000000000000000000000000000187780000000000187780000000000000000000000000000001305202414052024    00000000000000000000000                      1318169875600000000000000000000       
7560001300005T 0603351000000000102270000021146004014     184659845-04    10052024000000000012490756050040                         092038399835000139ANE  PET PRODUTOS AGROPECUARIO EIRELI   00000000000000000000001490000000006                 
7560001300006U 060000000000005470000000000000000000000000000000000000000000000000000000130370000000000130370000000000000000000000000000001305202414052024    00000000000000000000000                      1318955375600000000000000000000       
7560001300007T 0603351000000000102270000021458304014     1984562-04      10052024000000000012990633000010                         092034141786000189PANIFICADORA EMPORIO VIDA LTDA          00000000000000000000001490000000004                 
7560001300008U 060000000000005690000000000000000000000000000000000000000000000000000000135590000000000135590000000000000000000000000000001305202414052024    00000000000000000000000                      1318169975600000000000000000000       
7560001300009T 0603351000000000102270000021542804014     14165456-04     10052024000000000012490260000010                         092043365197000175LUCENI GARCEZ DA SILVA - CL FERRAGISTA  00000000000000000000001490000000004                 
7560001300010U 060000000000005470000000000000000000000000000000000000000000000000000000130370000000000130370000000000000000000000000000001305202414052024    00000000000000000000000                      1318357175600000000000000000000       
7560001300011T 0603351000000000102270000021818604014     1654984123-04   10052024000000000011590341090770                         092037869773000119JS COMERCIO DE ALIMENTOS LTDA           00000000000000000000001490000000004                 
7560001300012U 060000000000005080000000000000000000000000000000000000000000000000000000120980000000000120980000000000000000000000000000001305202414052024    00000000000000000000000                      1318747975600000000000000000000       
7560001300013T 0603351000000000102270000022058504014     154965165-04    10052024000000000015990756030540                         092034022216000170CASTRO ACESSORIOS EIRELI                00000000000000000000001490000000006                 
7560001300014U 060000000000007010000000000000000000000000000000000000000000000000000000166910000000000166910000000000000000000000000000001305202414052024    00000000000000000000000                      1318955475600000000000000000000       
7560001300015T 0603351000000000102270000022214504014     1894162-04      10052024000000000010990081000010                         092021913782000120EMPORIO GOIANO PRODUTOS CASEIROS DE GOIA00000000000000000000001490000000004                 
7560001300016U 060000000000004810000000000000000000000000000000000000000000000000000000114710000000000114710000000000000000000000000000001305202414052024    00000000000000000000000                      1319360475600000000000000000000       
7560001300017T 0603351000000000102270000022358004014     1984562-04      10052024000000000010990509000010                         092045246478000134ADEANE PIRES RAMOS DIAS - CASA GOIANA   00000000000000000000001490000000004                 
7560001300018U 060000000000004810000000000000000000000000000000000000000000000000000000114710000000000114710000000000000000000000000000001305202414052024    00000000000000000000000                      1318170075600000000000000000000       
7560001300019T 0603351000000000102270000022454304014     18965465123-04  10052024000000000010990033012680                         092048781654000126MAGNO EXPRESS TRANSPORTES - MAGNO EXPRES00000000000000000000001490000000004                 
7560001300020U 060000000000004810000000000000000000000000000000000000000000000000000000114710000000000114710000000000000000000000000000001305202414052024    00000000000000000000000                      1319329075600000000000000000000       
7560001300021T 0603351000000000102270000022646804014     154652389945623-10052024000000000010990197000010                         092051691112000177MERCEARIA TIARINI LTDA                  00000000000000000000001490000000004                 
7560001300022U 060000000000004810000000000000000000000000000000000000000000000000000000114710000000000114710000000000000000000000000000001305202414052024    00000000000000000000000                      1319360575600000000000000000000       
7560001300023T 0603351000000000102270000022956701014     116156456       10052024000000000012990756033510                         092041424842000158CICERA LOPES DA SILVA  ALENCAR TOP CELL 00000000000000000000001490000000006                 
7560001300024U 060000000000005350000000000000000000000000000000000000000000000000000000135250000000000135250000000000000000000000000000001305202414052024    00000000000000000000000                      1317969075600000000000000000000       
7560001300025T 0603351000000000102270000023177602014     198645165-02    10052024000000000010000033037430                         092039482673000160CHIC UNIFORMES LTDA                     00000000000000000000001490000000004                 
7560001300026U 060000000000004380000000000000000000000000000000000000000000000000000000104380000000000104380000000000000000000000000000001305202414052024    00000000000000000000000                      1319036775600000000000000000000       
7560001300027T 0603351000000000102270000023262801014     1984156-01      10052024000000000011590237015400                         092018121247000121PAULO RICARDO TEIXEIRA DE FARIAS GOES   00000000000000000000001490000000004                 
7560001300028U 060000000000005080000000000000000000000000000000000000000000000000000000120980000000000120980000000000000000000000000000001305202414052024    00000000000000000000000                      1318627475600000000000000000000       
75600015         00003000001400000000000181570000000000000000000000000000000000000000000000000000000000000000000000                                                                                                                             
75699999         000001000032000000                                                                                                                                                                                                             
